@article{MacQueen1967,
  title={Some Methods for Classification and Analysis of Multivariate Observations},
  author={J. MacQueen},
  journal={Proceedings of the Fifth Berkeley Symposium on Mathematical Statistics and Probability, Volume 1: Statistics},
  pages={281-297},
  year={1967},
  publisher={University of California Press}
}

@inproceedings{Arthur2007,
  author    = {David Arthur and Sergei Vassilvitskii},
  title     = {Clustering Algorithms for Competitions},
  booktitle = {Proceedings of the Seventeenth International Conference on Machine Learning},
  year      = {2007},
  pages     = {81-88},
  publisher = {ACM},
  doi       = {10.1145/1273496.1273501},
}

@book{Kaufman1990,
  title={Hierarchical Grouping to Optimize an Objective Function},
  author={Lawrence Kaufman and Peter J. Rousseeuw},
  journal={Journal of Classification},
  volume={7},
  number={1},
  pages={1--58},
  year={1990},
  publisher={Springer},
}

@book{Gorsuch1983,
  title={Factor Analysis},
  author={Gorsuch, Richard L.},
  year={1983},
  publisher={Lawrence Erlbaum Associates},
  address={Hillsdale, NJ},
}

@article{Ester1996,
  title={A Density-Based Algorithm for Discovering Clusters in Large Spatial Databases with Noise},
  author={Martin Ester and Hans-Peter Kriegel and J{\"o}rg Sander and Xiaowei Xu},
  booktitle={Proceedings of the Second International Conference on Knowledge Discovery and Data Mining (KDD-96)},
  pages={226--231},
  year={1996},
  organization={AAAI Press}
}
